<record><leader>00000cas a2200000 a 4500</leader><controlfield tag="001">33152034</controlfield><controlfield tag="007">hd bfu---baat</controlfield><controlfield tag="007">hd afu---bact</controlfield><controlfield tag="008">950919d19361965nbuwr nea     0    0eng d</controlfield><datafield ind1=" " ind2=" " tag="010"><subfield code="a">sn 95073024 </subfield></datafield><datafield ind1=" " ind2=" " tag="040"><subfield code="a">NVG</subfield><subfield code="b">eng</subfield><subfield code="c">NVG</subfield><subfield code="d">OCL</subfield><subfield code="d">OCLCQ</subfield><subfield code="d">OCLCF</subfield><subfield code="d">OCLCO</subfield><subfield code="d">OCLCQ</subfield></datafield><datafield ind1=" " ind2=" " tag="042"><subfield code="a">msc</subfield></datafield><datafield ind1=" " ind2=" " tag="043"><subfield code="a">n-us-nb</subfield></datafield><datafield ind1="0" ind2=" " tag="130"><subfield code="a">Culbertson progress (Culbertson, Neb.)</subfield></datafield><datafield ind1="1" ind2="4" tag="245"><subfield code="a">The Culbertson progress.</subfield></datafield><datafield ind1=" " ind2=" " tag="260"><subfield code="a">Culbertson, Hitchcock County, Neb. :</subfield><subfield code="b">L.W. Mourer,</subfield><subfield code="c">1936-1965.</subfield></datafield><datafield ind1=" " ind2=" " tag="300"><subfield code="a">31 volumes</subfield></datafield><datafield ind1=" " ind2=" " tag="310"><subfield code="a">Weekly</subfield></datafield><datafield ind1=" " ind2=" " tag="336"><subfield code="a">text</subfield><subfield code="b">txt</subfield><subfield code="2">rdacontent</subfield></datafield><datafield ind1=" " ind2=" " tag="337"><subfield code="a">microform</subfield><subfield code="b">h</subfield><subfield code="2">rdamedia</subfield></datafield><datafield ind1=" " ind2=" " tag="338"><subfield code="a">microfilm reel</subfield><subfield code="b">hd</subfield><subfield code="2">rdacarrier</subfield></datafield><datafield ind1="0" ind2=" " tag="362"><subfield code="a">Vol. 16, no. 42 (May 21, 1936)-v. 46, no. 6 (Aug. 5, 1965).</subfield></datafield><datafield ind1=" " ind2=" " tag="500"><subfield code="a">Published in Culbertson, Neb., May 21, 1936-Jan. 31, 1952; in Trenton, Neb., Feb. 7-28, 1952; in Culbertson, Neb., Mar. 6, 1952-Aug. 5, 1965.</subfield></datafield><datafield ind1=" " ind2=" " tag="580"><subfield code="a">Also issued as: Culbertson news items in: Trenton register, and: Palisade times, Feb. 7-28, 1952.</subfield></datafield><datafield ind1=" " ind2=" " tag="533"><subfield code="a">Microfilm.</subfield><subfield code="m">May 21,1936-Aug. 5,1965.</subfield><subfield code="b">Lincoln, Neb. :</subfield><subfield code="c">Nebraska State Historical Society,</subfield><subfield code="d">-1978.</subfield><subfield code="e">7 microfilm reels ; 35 mm.</subfield></datafield><datafield ind1=" " ind2="0" tag="651"><subfield code="a">Culbertson (Neb.)</subfield><subfield code="v">Newspapers.</subfield></datafield><datafield ind1=" " ind2="0" tag="651"><subfield code="a">Hitchcock County (Neb.)</subfield><subfield code="v">Newspapers.</subfield></datafield><datafield ind1=" " ind2="7" tag="651"><subfield code="a">Nebraska</subfield><subfield code="z">Culbertson.</subfield><subfield code="2">fast</subfield><subfield code="0">(OCoLC)fst01276224</subfield></datafield><datafield ind1=" " ind2="7" tag="651"><subfield code="a">Nebraska</subfield><subfield code="z">Hitchcock County.</subfield><subfield code="2">fast</subfield><subfield code="0">(OCoLC)fst01265377</subfield></datafield><datafield ind1=" " ind2="7" tag="655"><subfield code="a">Newspapers.</subfield><subfield code="2">fast</subfield><subfield code="0">(OCoLC)fst01423814</subfield></datafield><datafield ind1=" " ind2=" " tag="752"><subfield code="a">United States</subfield><subfield code="b">Nebraska</subfield><subfield code="c">Hitchcock</subfield><subfield code="d">Culbertson.</subfield></datafield><datafield ind1=" " ind2=" " tag="752"><subfield code="a">United States</subfield><subfield code="b">Nebraska</subfield><subfield code="c">Hitchcock</subfield><subfield code="d">Trenton.</subfield></datafield><datafield ind1="0" ind2="0" tag="780"><subfield code="t">Progress (Culbertson, Neb. : 1932)</subfield><subfield code="w">(DLC)sn 95073025</subfield></datafield><datafield ind1="0" ind2="4" tag="785"><subfield code="t">Trenton register</subfield><subfield code="w">(DLC)sn 95073016</subfield></datafield><datafield ind1="1" ind2=" " tag="787"><subfield code="t">Trenton register</subfield><subfield code="w">(DLC)sn 95073016</subfield></datafield><datafield ind1="1" ind2=" " tag="787"><subfield code="t">Palisade times</subfield><subfield code="w">(DLC)sn 95073013</subfield></datafield><datafield ind1="1" ind2=" " tag="029"><subfield code="a">AU@</subfield><subfield code="b">000011994425</subfield></datafield></record>